@online{gpg-party,
    title = {GnuPG Keysigning Party HOWTO},
    url = {https://www.rubin.ch/pgp/kspa/gpg-party.en.html},
}

@online{subkeys,
    title = {Subkeys},
    url = {https://wiki.debian.org/Subkeys},
}

@online{web-of-trust,
    title = {PGP Web of Trust: Core Concepts Behind Trusted Communication},
    url = {https://www.linux.com/learn/pgp-web-trust-core-concepts-behind-trusted-communication},
}

@online{perfect-keypair,
    title = {Creating the perfect GPG keypair},
    url = {https://alexcabal.com/creating-the-perfect-gpg-keypair/},
}

@online{gpg-manual,
    title = {The GNU Privacy Handbook},
    url = {https://www.gnupg.org/gph/en/manual.html},
}

@online{best-practices,
    title = {OpenPGP Best Practices},
    url = {https://help.riseup.net/en/gpg-best-practices},
}
